% This file was created with JabRef 2.10.
% Encoding: Cp1252

@PHDTHESIS{Sch12,
  author = {T. Schmid},
  title = {Spatial Robust Small Area Estimation applied on Business Data},
  school = {University of Trier},
  year = {2012},
  owner = {schmidtimo},
  timestamp = {2012.03.20}
}

@ARTICLE{Sin09,
  author = {S. K. Sinha and J. N. K. Rao},
  title = {Robust Small Area Estimation},
  journal = {The Canadian Journal of Statistics},
  year = {2009},
  volume = {37 (3)},
  pages = {381-399},
  comment = {Gedruckt},
  file = {:I\:\\FUSTAT\\Forschung\\Literatur\\Artikel\\RobusteSAE\\siinha rao - Robust SAE.pdf:PDF},
  owner = {schmidtimo},
  timestamp = {2009.12.08}
}

@ARTICLE{Fel86,
  author = {W. H. Fellner},
  title = {Robust Estimation of Variance Components},
  journal = {Technometrics},
  year = {1986},
  volume = {28 (1)},
  pages = {51-60},
  comment = {Gedruckt},
  file = {:I\:\\FUSTAT\\Forschung\\Literatur\\Artikel\\RobusteSAE\\Fellner - Robust Estimation of Variance Components.pdf:PDF},
  owner = {schmidtimo},
  timestamp = {2009.12.08}
}

@ARTICLE{Hen75,
  author = {C. R. Henderson},
  title = {Best Linear Unbiased Estimation and Prediction under a Selection
	Model},
  journal = {Biometrics},
  year = {1975},
  volume = {31 (2)},
  pages = {423-447},
  file = {:I\:\\FUSTAT\\Forschung\\Literatur\\Artikel\\Grundlagen\\Henderson - Best Linear Unbiased Estimation and Prediction under a Selection Model.pdf:PDF},
  owner = {schmidtimo},
  timestamp = {2010.06.08}
}

@ARTICLE{Mar13,
  author = {Y. Marhuenda and I. Molina and D. Morales},
  title = {Small area estimation with spatio-temporal Fay-Herriot models},
  journal = {Computational Statistics and Data Analysis},
  year = {2013},
  volume = {58},
  pages = {308-325},
  owner = {swarnholz},
  timestamp = {2013.07.18}
}

@ARTICLE{Fay79,
  author = {R. E. Fay and R. A. Herriot},
  title = {Estimation of Income for Small Places: An Application of James-Stein
	Procedures to Census Data},
  journal = {Journal of the American Statistical Association},
  year = {1979},
  volume = {74 (366)},
  pages = {269-277},
  file = {:I\:\\FUSTAT\\Forschung\\Literatur\\Artikel\\SAE\\Fay Herriot - Estimates of Income for Small places.pdf:PDF},
  owner = {schmidtimo},
  timestamp = {2009.12.14}
}

@Article{Abb97,
  Title                    = {Quantile smoothing in financial time series},
  Author                   = {K. Abberger},
  Journal                  = {Statistical Papers},
  Year                     = {1997},
  Pages                    = {125-148},
  Volume                   = {38 (2)}
}

@ARTICLE{Cha11,
  author = {R. Chambers and J. Chandra and N. Tzavidis},
  title = {On bias-robust mean squared error estimation for pseudo-linear small
	area estimators},
  journal = {Survey Methodology},
  year = {2011},
  volume = {37 (2)},
  pages = {153-170},
  file = {:I\:\\FUSTAT\\Forschung\\Literatur\\Artikel\\MSE\\Chambers - On bias-robust mse estimation for pseudo-linear small area estimators.pdf:PDF},
  owner = {schmidtimo},
  timestamp = {2012.12.21}
}

@ARTICLE{Cha14,
  author = {R. Chambers and H. Chandra and N. Salvati and N. Tzavidis},
  title = {Outlier Robust Small Area Estimation},
  journal = {Journal of the Royal Statistical Society: Series B},
  year = {2014},
  volume = {76 (1)},
  pages = {47-69},
  file = {:I\:\\FUSTAT\\Forschung\\Literatur\\Artikel\\RobusteSAE\\Chambers - Outlier robust SAE.pdf:PDF;:I\:\\FUSTAT\\Forschung\\Literatur\\Artikel\\RobusteSAE\\Chambers - Outlier Robust Small Area Estimation.pdf:PDF},
  owner = {schmidtimo},
  timestamp = {2010.06.08}
}
